% $Id$

@Unpublished{Wd14,
  author = 	 {Domski, W.},
  title = 	 {Tytuł},
  note = 	 {Notatka},
  year = 	 {2014},
}

@book{GSMGPSAT,
author = FIBOCOM,
title = G510-GSM-GPRS-command,
note =  Spis i wyjaśnienie komend "AT",
}



















